%% This BibTeX bibliography file was created using BibDesk.
%% http://bibdesk.sourceforge.net/


%% Created for Kevin Bullaughey at 2010-06-25 14:51:59 -0500 


%% Saved with string encoding Unicode (UTF-8) 



@incollection{Wolf:2000fk,
	Address = {Oxford},
	Author = {Edmund D. Brodie},
	Booktitle = {Epistasis and the evolutionary process},
	Call-Number = {QH450.7},
	Date-Added = {2010-06-04 13:11:25 -0500},
	Date-Modified = {2010-06-25 14:38:44 -0500},
	Dewey-Call-Number = {572.8/38},
	Editor = {Wolf, Jason B and Brodie, Edmund D. and Wade, Michael John},
	Genre = {Epistasis (Genetics)},
	Isbn = {0195128060 (acid-free paper)},
	Library-Id = {99046515},
	Pages = {3-19},
	Publisher = {Oxford University Press},
	Title = {Why evolutionary genetics does not always add up},
	Year = {2000},
	Bdsk-Url-1 = {http://www.loc.gov/catdir/enhancements/fy0604/99046515-d.html}}

@book{Davidson:2006rt,
	Address = {Burlington, MA},
	Author = {Davidson, Eric H.},
	Call-Number = {QH453},
	Date-Added = {2009-12-22 09:27:52 -0600},
	Date-Modified = {2009-12-22 09:35:24 -0600},
	Dewey-Call-Number = {572.865},
	Genre = {Genetic regulation},
	Isbn = {0120885638 (hbk.)},
	Library-Id = {2006445256},
	Publisher = {Academic},
	Title = {The regulatory genome: gene regulatory networks in development and evolution},
	Year = {2006},
	Bdsk-Url-1 = {http://www.loc.gov/catdir/enhancements/fy0668/2006445256-d.html}}

@book{Carroll:2005yq,
	Address = {Malden, MA},
	Author = {Carroll, Sean B and Grenier, Jennifer K and Weatherbee, Scott D},
	Call-Number = {QH390},
	Date-Added = {2009-12-22 09:27:06 -0600},
	Date-Modified = {2009-12-22 09:35:16 -0600},
	Dewey-Call-Number = {572.8/38},
	Edition = {2nd ed},
	Genre = {Evolutionary genetics},
	Isbn = {1405119500 (pbk. : alk. paper)},
	Library-Id = {2003027991},
	Publisher = {Blackwell Pub.},
	Title = {From DNA to diversity: molecular genetics and the evolution of animal design},
	Year = {2005},
	Bdsk-Url-1 = {http://www.loc.gov/catdir/toc/ecip0412/2003027991.html}}

@book{Ewens:2004fj,
	Address = {New York},
	Author = {Ewens, W. J},
	Call-Number = {QH455},
	Date-Added = {2009-12-21 15:34:36 -0600},
	Date-Modified = {2010-06-25 14:51:55 -0500},
	Dewey-Call-Number = {576.5/8/0151},
	Edition = {2nd},
	Genre = {Population genetics},
	Isbn = {0387201912 (acid-free paper)},
	Library-Id = {2003065728},
	Publisher = {Springer},
	Title = {Mathematical population genetics},
	Year = {2004},
	Bdsk-Url-1 = {http://www.loc.gov/catdir/enhancements/fy0818/2003065728-d.html}}

@book{Fisher:1930qy,
	Address = {Oxford},
	Author = {Fisher, Ronald Aylmer},
	Call-Number = {QH366},
	Date-Added = {2009-12-21 15:30:27 -0600},
	Date-Modified = {2010-06-25 14:45:04 -0500},
	Genre = {Natural selection},
	Library-Id = {30029177},
	Publisher = {The Clarendon Press},
	Title = {The genetical theory of natural selection},
	Year = {1930}}

@book{Crow:1970mz,
	Address = {New York},
	Author = {Crow, James F and Kimura, Motoo},
	Call-Number = {QH431},
	Date-Added = {2009-12-21 14:03:59 -0600},
	Date-Modified = {2009-12-21 14:58:30 -0600},
	Dewey-Call-Number = {575.1/01/82},
	Genre = {Population genetics},
	Library-Id = {78103913},
	Publisher = {Harper {\&} Row},
	Title = {An introduction to population genetics theory},
	Year = {1970}}
%% Created using Papers on Wed, 09 May 2012.
%% http://mekentosj.com/papers/

@article{10.1371/journal.pgen.1001144,
author = {Gerke, Justin and Lorenz, Kim and Ramnarine, Shelina and Cohen, Barak},
title = {{Gene--Environment Interactions at Nucleotide Resolution}},
journal = {PLoS Genet},
year = {2010},
volume = {6},
number = {9},
pages = {e1001144},
month = sep
}

@article{Barrett:2011km,
author = {Barrett, Rowan D H and Hoekstra, Hopi E},
title = {{Molecular spandrels: tests of adaptation at the genetic level}},
journal = {Nat Rev Genet},
year = {2011},
volume = {12},
number = {11},
pages = {767--780},
month = oct,
annote = {10.1038/nrg3015}
}

@article{Lenormand:2009p1455,
author = {Lenormand, Thomas and Roze, Denis and Rousset, Fran{\c c}ois},
title = {{Stochasticity in evolution.}},
journal = {Trends Ecol Evol (Amst)},
year = {2009},
volume = {24},
number = {3},
pages = {157--165},
month = mar
}

@article{Chen:2010ky,
author = {Chen, Sidi and Zhang, Yong E. and Long, Manyuan},
title = {{New genes in Drosophila quickly become essential.}},
journal = {Science},
year = {2010},
volume = {330},
number = {6011},
pages = {1682--1685},
month = dec
}

@article{Martin:2007p1457,
author = {Martin, Guillaume and Elena, Santiago F and Lenormand, Thomas},
title = {{Distributions of epistasis in microbes fit predictions from a fitness landscape model}},
journal = {Nat Genet},
year = {2007},
volume = {39},
number = {4},
pages = {555--560},
month = apr
}

@book{Wolf:2000vt,
author = {Wolf, Jason B and Brodie, Edmund D and Wade, Michael John},
title = {{Epistasis and the evolutionary process}},
publisher = {Oxford University Press, USA},
year = {2000},
address = {Oxford}
}

@article{Martin:2006p1459,
author = {Martin, Guillaume and Lenormand, Thomas},
title = {{A general multivariate extension of {F}isher's geometrical model and the distribution of mutation fitness effects across species}},
journal = {Evolution},
year = {2006},
volume = {60},
number = {5},
pages = {893--907},
month = may
}

@article{Orr:2005p1460,
author = {Orr, H Allen},
title = {{The genetic theory of adaptation: a brief history.}},
journal = {Nat Rev Genet},
year = {2005},
volume = {6},
number = {2},
pages = {119--127},
month = feb
}

@article{Hartl:1985tc,
author = {Hartl, D L and Dykhuizen, D E and Dean, A M},
title = {{Limits of adaptation: the evolution of selective neutrality.}},
journal = {Genetics},
year = {1985},
volume = {111},
number = {3},
pages = {655--674},
month = nov
}

@article{Alon:2003bh,
author = {Alon, U},
title = {{Biological networks: the tinkerer as an engineer.}},
journal = {Science},
year = {2003},
volume = {301},
number = {5641},
pages = {1866--1867},
month = sep
}

@article{Nilsson:1994hz,
author = {Nilsson, D E and Pelger, S},
title = {{A pessimistic estimate of the time required for an eye to evolve.}},
journal = {Proc Biol Sci},
year = {1994},
volume = {256},
number = {1345},
pages = {53--58},
month = apr
}

@article{Garneau:2007kq,
author = {Garneau, Nicole L and Wilusz, Jeffrey and Wilusz, Carol J},
title = {{The highways and byways of mRNA decay.}},
journal = {Nat. Rev. Mol. Cell Biol.},
year = {2007},
volume = {8},
number = {2},
pages = {113--126},
month = feb
}

@article{Gerke:2009p1558,
author = {Gerke, Justin and Lorenz, Kim and Cohen, Barak},
title = {{Genetic interactions between transcription factors cause natural variation in yeast}},
journal = {Science},
year = {2009},
volume = {323},
number = {5913},
pages = {498--501},
month = jan
}

@article{Gertz:2009p1562,
author = {Gertz, Jason and Gerke, Justin P and Cohen, Barak A},
title = {{Epistasis in a quantitative trait captured by a molecular model of transcription factor interactions.}},
journal = {Theor Popul Biol},
year = {2010},
volume = {77},
number = {1},
pages = {1--5},
month = feb
}

@article{Lynch:2007if,
author = {Lynch, Michael},
title = {{The frailty of adaptive hypotheses for the origins of organismal complexity.}},
journal = {Proc Natl Acad Sci USA},
year = {2007},
volume = {104 Suppl 1},
pages = {8597--8604},
month = may
}

@article{Tuch:2008p1599,
author = {Tuch, Brian B and Galgoczy, David J and Hernday, Aaron D and Li, Hao and Johnson, Alexander D},
title = {{The evolution of combinatorial gene regulation in fungi.}},
journal = {Plos Biol},
year = {2008},
volume = {6},
number = {2},
pages = {e38},
month = feb
}

@article{Kim:2007p5775,
author = {Kim, Su Yeon and Pritchard, Jonathan K},
title = {{Adaptive evolution of conserved noncoding elements in mammals.}},
journal = {PLoS Genet},
year = {2007},
volume = {3},
number = {9},
pages = {1572--1586},
month = sep
}

@article{Dekel:2005bd,
author = {Dekel, Erez and Mangan, Shmoolik and Alon, Uri},
title = {{Environmental selection of the feed-forward loop circuit in gene-regulation networks.}},
journal = {Physical biology},
year = {2005},
volume = {2},
number = {2},
pages = {81--88},
month = jun
}

@article{Kalir:2005io,
author = {Kalir, Shiraz and Mangan, Shmoolik and Alon, Uri},
title = {{A coherent feed-forward loop with a SUM input function prolongs flagella expression in Escherichia coli.}},
journal = {Mol Syst Biol},
year = {2005},
volume = {1},
pages = {2005.0006}
}

@article{Ancel:2000p5969,
author = {Ancel, L W and Fontana, W},
title = {{Plasticity, evolvability, and modularity in RNA}},
journal = {J Exp Zool},
year = {2000},
volume = {288},
number = {3},
pages = {242--283},
month = oct
}

@article{ShenOrr:2002jo,
author = {Shen-Orr, Shai S and Milo, Ron and Mangan, Shmoolik and Alon, Uri},
title = {{Network motifs in the transcriptional regulation network of Escherichia coli.}},
journal = {Nat Genet},
year = {2002},
volume = {31},
number = {1},
pages = {64--68},
month = may
}

@article{Kim01072000,
author = {Kim, Yuseob and Stephan, Wolfgang},
title = {{Joint Effects of Genetic Hitchhiking and Background Selection on Neutral Variation}},
journal = {Genetics},
year = {2000},
volume = {155},
number = {3},
pages = {1415--1427}
}

@article{Holloway:2008cn,
author = {Holloway, Alisha K and Begun, David J and Siepel, Adam and Pollard, Katherine S},
title = {{Accelerated sequence divergence of conserved genomic elements in Drosophila melanogaster.}},
journal = {Genome Res},
year = {2008},
volume = {18},
number = {10},
pages = {1592--1601},
month = oct
}

@article{Landry:2005kr,
author = {Landry, Christian R and Wittkopp, Patricia J and Taubes, Clifford H and Ranz, Jose M and Clark, Andrew G and Hartl, Daniel L},
title = {{Compensatory cis-trans evolution and the dysregulation of gene expression in interspecific hybrids of Drosophila.}},
journal = {Genetics},
year = {2005},
volume = {171},
number = {4},
pages = {1813--1822},
month = dec
}

@article{Hartwell:1999ef,
author = {Hartwell, L H and Hopfield, J J and Leibler, S and Murray, A W},
title = {{From molecular to modular cell biology.}},
journal = {Nature},
year = {1999},
volume = {402},
number = {6761 Suppl},
pages = {C47--52},
month = dec
}

@article{Weinreich:2005ej,
author = {Weinreich, Daniel M},
title = {{The rank ordering of genotypic fitness values predicts genetic constraint on natural selection on landscapes lacking sign epistasis.}},
journal = {Genetics},
year = {2005},
volume = {171},
number = {3},
pages = {1397--1405},
month = nov
}

@article{Prabhakar:2006hk,
author = {Prabhakar, Shyam and Noonan, James P and P{\"a}{\"a}bo, Svante and Rubin, Edward M},
title = {{Accelerated evolution of conserved noncoding sequences in humans.}},
journal = {Science},
year = {2006},
volume = {314},
number = {5800},
pages = {786},
month = nov
}

@article{Weinreich:2005vg,
author = {Weinreich, Daniel M and Watson, Richard A and Chao, Lin},
title = {{Perspective: Sign epistasis and genetic constraint on evolutionary trajectories.}},
journal = {Evolution},
year = {2005},
volume = {59},
number = {6},
pages = {1165--1174},
month = jun
}

@article{Callahan:2011bk,
author = {Callahan, Benjamin and Neher, Richard A and Bachtrog, Doris and Andolfatto, Peter and Shraiman, Boris I},
title = {{Correlated evolution of nearby residues in Drosophilid proteins.}},
journal = {PLoS Genet},
year = {2011},
volume = {7},
number = {2},
pages = {e1001315},
month = feb
}

@article{Weinreich:2006ig,
author = {Weinreich, Daniel M and Delaney, Nigel F and Depristo, Mark A and Hartl, Daniel L},
title = {{Darwinian evolution can follow only very few mutational paths to fitter proteins.}},
journal = {Science},
year = {2006},
volume = {312},
number = {5770},
pages = {111--114},
month = apr
}

@article{Gibson:1996hx,
author = {Gibson, G},
title = {{Epistasis and pleiotropy as natural properties of transcriptional regulation.}},
journal = {Theor Popul Biol},
year = {1996},
volume = {49},
number = {1},
pages = {58--89},
month = feb
}

@article{Kuo:2010fk,
author = {Kuo, Dwight and Licon, Katherine and Bandyopadhyay, Sourav and Chuang, Ryan and Luo, Colin and Catalana, Justin and Ravasi, Timothy and Tan, Kai and Ideker, Trey},
title = {{Coevolution within a transcriptional network by compensatory trans and cis mutations.}},
journal = {Genome Res},
year = {2010},
volume = {20},
number = {12},
pages = {1672--1678},
month = dec
}

@article{Kenigsberg:2010je,
author = {Kenigsberg, Ephraim and Bar, Amir and Segal, Eran and Tanay, Amos},
title = {{Widespread compensatory evolution conserves DNA-encoded nucleosome organization in yeast.}},
journal = {PLoS Comput Biol},
year = {2010},
volume = {6},
number = {12},
pages = {e1001039}
}

@article{Haag:2007fu,
author = {Haag, Eric S},
title = {{Compensatory vs. pseudocompensatory evolution in molecular and developmental interactions.}},
journal = {Genetica},
year = {2007},
volume = {129},
number = {1},
pages = {45--55},
month = jan
}

@article{Babu:2006gq,
author = {Babu, M Madan and Aravind, L},
title = {{Adaptive evolution by optimizing expression levels in different environments.}},
journal = {Trends Microbiol.},
year = {2006},
volume = {14},
number = {1},
pages = {11--14},
month = jan
}

@article{Otto:1997fc,
author = {Otto, S P and Feldman, M W},
title = {{Deleterious mutations, variable epistatic interactions, and the evolution of recombination.}},
journal = {Theor Popul Biol},
year = {1997},
volume = {51},
number = {2},
pages = {134--147},
month = apr
}

@article{Gavrilets:1998dm,
author = {Gavrilets, S and Li, H and Vose, M D},
title = {{Rapid parapatric speciation on holey adaptive landscapes.}},
journal = {Proc Biol Sci},
year = {1998},
volume = {265},
number = {1405},
pages = {1483--1489},
month = aug
}

@article{Gandon:2007ip,
author = {Gandon, Sylvain and Otto, Sarah P},
title = {{The evolution of sex and recombination in response to abiotic or coevolutionary fluctuations in epistasis.}},
journal = {Genetics},
year = {2007},
volume = {175},
number = {4},
pages = {1835--1853},
month = apr
}

@article{Bloom:2010eu,
author = {Bloom, Jesse D and Gong, Lizhi Ian and Baltimore, David},
title = {{Permissive secondary mutations enable the evolution of influenza oseltamivir resistance.}},
journal = {Science},
year = {2010},
volume = {328},
number = {5983},
pages = {1272--1275},
month = jun
}

@article{Ross:1996ur,
author = {Ross, J},
title = {{Control of messenger RNA stability in higher eukaryotes.}},
journal = {Trends in Genetics},
year = {1996},
volume = {12},
number = {5},
pages = {171--175},
month = may
}

@book{Schlosser:2004ui,
author = {Schlosser, Gerhard and Wagner, G{\"u}nter P},
title = {{Modularity in development and evolution}},
publisher = {University Of Chicago Press},
year = {2004}
}

@article{Shalem:2011eo,
author = {Shalem, Ophir and Groisman, Bella and Choder, Mordechai and Dahan, Orna and Pilpel, Yitzhak},
title = {{Transcriptome kinetics is governed by a genome-wide coupling of mRNA production and degradation: a role for RNA Pol II.}},
journal = {PLoS Genet},
year = {2011},
volume = {7},
number = {9},
pages = {e1002273},
month = sep
}

@article{DoriBachash:2011jy,
author = {Dori-Bachash, Mally and Shema, Efrat and Tirosh, Itay},
title = {{Coupled evolution of transcription and mRNA degradation.}},
journal = {Plos Biol},
year = {2011},
volume = {9},
number = {7},
pages = {e1001106},
month = jul
}

@article{Barrick:2009p1904,
author = {Barrick, Jeffrey E and Yu, Dong Su and Yoon, Sung Ho and Jeong, Haeyoung and Oh, Tae Kwang and Schneider, Dominique and Lenski, Richard E and Kim, Jihyun F},
title = {{Genome evolution and adaptation in a long-term experiment with Escherichia coli}},
journal = {Nature},
year = {2009},
volume = {461},
number = {7268},
pages = {1243--1247},
month = oct,
annote = {

}
}

@article{Dekel:2005p1914,
author = {Dekel, Erez and Alon, Uri},
title = {{Optimality and evolutionary tuning of the expression level of a protein.}},
journal = {Nature},
year = {2005},
volume = {436},
number = {7050},
pages = {588--592},
month = jul
}

@article{hansen2006an,
author = {Hansen, Thomas F},
title = {{The evolution of genetic architecture}},
journal = {Annual Review of Ecology Evolution and Systematics},
year = {2006},
volume = {{37}},
pages = {{123--157}}
}

@article{Kalisky:2007p1976,
author = {Kalisky, Tomer and Dekel, Erez and Alon, Uri},
title = {{Cost-benefit theory and optimal design of gene regulation functions.}},
journal = {Physical biology},
year = {2007},
volume = {4},
number = {4},
pages = {229--245},
month = nov
}

@article{Mustonen:2008ds,
author = {Mustonen, Ville and Kinney, Justin and Callan, Curtis G and L{\"a}ssig, Michael},
title = {{Energy-dependent fitness: a quantitative model for the evolution of yeast transcription factor binding sites.}},
journal = {Proc Natl Acad Sci USA},
year = {2008},
volume = {105},
number = {34},
pages = {12376--12381},
month = aug,
annote = {Uses a biophysical model for ABF1 binding sites in yeast, fitting the model to PBM and ChIP-Chip data. Fitness is a composite function of the whole binding site, allowing for epistasis among sites, which appears pervasive. The authors comment on the implications of this for compensatory evolution and neutral evolution.}
}

@article{Bullaughey:2011cf,
author = {Bullaughey, Kevin},
title = {{Changes in selective effects over time facilitate turnover of enhancer sequences.}},
journal = {Genetics},
year = {2011},
volume = {187},
number = {2},
pages = {567--582},
month = feb
}

@article{Gillespie:1984wc,
author = {Gillespie, JH},
title = {{Molecular evolution over the mutational landscape}},
journal = {Evolution},
year = {1984},
volume = {38},
number = {5},
pages = {1116--1129}
}

@booklet{Rosen:1967ut,
title = {{Optimality principles in biology}},
author = {Rosen, Robert},
howpublished = {Butterworth},
year = {1967}
}

@article{Moses:2006p2892,
author = {Moses, Alan M and Pollard, Daniel A and Nix, David A and Iyer, Venky N and Li, Xiao-Yong and Biggin, Mark D and Eisen, Michael B},
title = {{Large-scale turnover of functional transcription factor binding sites in Drosophila.}},
journal = {PLoS Comput Biol},
year = {2006},
volume = {2},
number = {10},
pages = {e130},
month = oct
}

@article{Macneil:2011is,
author = {Macneil, Lesley T and Walhout, Albertha J M},
title = {{Gene regulatory networks and the role of robustness and stochasticity in the control of gene expression}},
journal = {Genome Res},
year = {2011},
month = mar
}

@article{Johnson:2007db,
author = {Johnson, Norman A and Porter, Adam H},
title = {{Evolution of branched regulatory genetic pathways: directional selection on pleiotropic loci accelerates developmental system drift}},
journal = {Genetica},
year = {2007},
volume = {129},
number = {1},
pages = {57--70}
}

@article{Maston:2006hb,
author = {Maston, Glenn A and Evans, Sara K and Green, Michael R},
title = {{Transcriptional regulatory elements in the human genome.}},
journal = {Annu Rev Genomics Hum Genet},
year = {2006},
volume = {7},
pages = {29--59}
}

@article{Gillespie:1993ww,
author = {Gillespie, J H},
title = {{Substitution processes in molecular evolution. I. Uniform and clustered substitutions in a haploid model.}},
journal = {Genetics},
year = {1993},
volume = {134},
number = {3},
pages = {971--981},
month = jul
}

@article{Welch:2003p3183,
author = {Welch, John J and Waxman, David},
title = {{Modularity and the cost of complexity.}},
journal = {Evolution},
year = {2003},
volume = {57},
number = {8},
pages = {1723--1734},
month = aug
}

@article{Orr:2000p3190,
author = {Orr, H A},
title = {{Adaptation and the cost of complexity}},
journal = {Evolution},
year = {2000},
volume = {54},
number = {1},
pages = {13--20},
month = feb
}

@article{Takahata:1975ug,
author = {Takahata, N and Ishii, K and Matsuda, H},
title = {{Effect of temporal fluctuation of selection coefficient on gene frequency in a population}},
journal = {Proc Natl Acad Sci USA},
year = {1975},
volume = {72},
number = {11},
pages = {4541--4545},
month = nov
}

@article{Mayo:2006fm,
author = {Mayo, Avraham E and Setty, Yaakov and Shavit, Seagull and Zaslaver, Alon and Alon, Uri},
title = {{Plasticity of the 
					cis-Regulatory Input Function of a Gene
				}},
journal = {Plos Biol},
year = {2006},
volume = {4},
number = {4},
pages = {e45},
month = mar
}

@article{Bregman:2011cn,
author = {Bregman, Almog and Avraham-Kelbert, Moran and Barkai, Oren and Duek, Lea and Guterman, Adi and Choder, Mordechai},
title = {{Promoter elements regulate cytoplasmic mRNA decay.}},
journal = {Cell},
year = {2011},
volume = {147},
number = {7},
pages = {1473--1483},
month = dec
}

@article{Wray:2003p3389,
author = {Wray, Gregory A and Hahn, Matthew W and Abouheif, Ehab and Balhoff, James P and Pizer, Margaret and Rockman, Matthew V and Romano, Laura A},
title = {{The evolution of transcriptional regulation in eukaryotes}},
journal = {Mol Biol Evol},
year = {2003},
volume = {20},
number = {9},
pages = {1377--1419},
month = sep
}

@article{Trcek:2011jpa,
author = {Trcek, Tatjana and Larson, Daniel R and Mold{\'o}n, Alberto and Query, Charles C and Singer, Robert H},
title = {{Single-molecule mRNA decay measurements reveal promoter- regulated mRNA stability in yeast.}},
journal = {Cell},
year = {2011},
volume = {147},
number = {7},
pages = {1484--1497},
month = dec
}

@article{Gillespie:1989wg,
author = {Gillespie, J H},
title = {{Could natural selection account for molecular evolution and polymorphism?}},
journal = {Genome},
year = {1989},
volume = {31},
number = {1},
pages = {311--315}
}

@article{Lohmueller:dn,
author = {Lohmueller, Kirk E. and Albrechtsen, Anders and Li, Yingrui and Kim, Su Yeon and Korneliussen, Thorfinn and Vinckenbosch, Nicolas and Tian, Geng and Huerta-Sanchez, Emilia and Feder, Alison F. and Grarup, Niels and J{\o}rgensen, Torben and Jiang, Tao and Witte, Daniel R. and Sandb{\ae}k, Annelli and Hellmann, Ines and Lauritzen, Torsten and Hansen, Torben and Pedersen, Oluf and Wang, Jun and Nielsen, Rasmus},
title = {{Natural Selection Affects Multiple Aspects of Genetic Variation at Putatively Neutral Sites across the Human Genome}},
journal = {PLoS Genet},
volume = {7},
number = {10},
pages = {e1002326 EP --}
}

@article{Salverda:2011fa,
author = {Salverda, Merijn L M and Dellus, Eynat and Gorter, Florien A and Debets, Alfons J M and van der Oost, John and Hoekstra, Rolf F and Tawfik, Dan S and de Visser, J Arjan G M},
title = {{Initial mutations direct alternative pathways of protein evolution.}},
journal = {PLoS Genet},
year = {2011},
volume = {7},
number = {3},
pages = {e1001321},
month = mar
}

@article{MacLean:2010dm,
author = {MacLean, R C and Perron, G G and Gardner, A},
title = {{Diminishing returns from beneficial mutations and pervasive epistasis shape the fitness landscape for rifampicin resistance in Pseudomonas aeruginosa.}},
journal = {Genetics},
year = {2010},
volume = {186},
number = {4},
pages = {1345--1354},
month = dec
}

@article{Perfeito:2007wa,
author = {Perfeito, Lilia and Fernandes, Lisete and Mota, Catarina and Gordo, Isabel},
title = {{Adaptive Mutations in Bacteria: High Rate and Small Effects}},
journal = {Science},
year = {2007},
volume = {317},
number = {5839},
pages = {813--815},
month = jan,
annote = {10.1126/science.1142284}
}

@article{Macia:2012fx,
author = {Mac{\'\i}a, Javier and Sol{\'e}, Ricard V and Elena, Santiago F},
title = {{The causes of epistasis in genetic networks.}},
journal = {Evolution},
year = {2012},
volume = {66},
number = {2},
pages = {586--596},
month = feb
}

@article{Smith:1978ts,
author = {Maynard Smith, J.},
title = {{Optimization Theory in Evolution}},
journal = {Annual Review of Ecology and Systematics},
year = {1978},
volume = {9},
pages = {31--56},
month = jan
}

@article{Chen:1999vn,
author = {Chen, Ying and Carlini, David B. and Baines, John F. and Parsch, John and Braverman, John M. and Tanda, Soichi and Stephan, Wolfgang},
title = {{RNA secondary structure and compensatory evolution}},
journal = {Genes {\&} Genetic Systems},
year = {1999},
volume = {74},
number = {6},
pages = {271--286}
}

@article{Poelwijk:2007kt,
author = {Poelwijk, Frank J and Kiviet, Daniel J and Weinreich, Daniel M and Tans, Sander J},
title = {{Empirical fitness landscapes reveal accessible evolutionary paths.}},
journal = {Nature},
year = {2007},
volume = {445},
number = {7126},
pages = {383--386},
month = jan
}

@article{Ludwig:2000p3921,
author = {Ludwig, M Z and Bergman, C and Patel, N H and Kreitman, M},
title = {{Evidence for stabilizing selection in a eukaryotic enhancer element}},
journal = {Nature},
year = {2000},
volume = {403},
number = {6769},
pages = {564--567},
month = feb
}

@article{Mangan:2003vl,
author = {Mangan, S and Zaslaver, A and Alon, U},
title = {{The coherent feedforward loop serves as a sign-sensitive delay element in transcription networks.}},
journal = {J Mol Biol},
year = {2003},
volume = {334},
number = {2},
pages = {197--204},
month = nov
}

@article{Lusk2010,
author = {Lusk, Richard W and Eisen, Michael B},
title = {{Evolutionary Mirages: Selection on Binding Site Composition Creates the Illusion of Conserved Grammars in {D}rosophila Enhancers}},
journal = {PLoS Genet},
year = {2010},
volume = {6},
number = {1},
pages = {e1000829}
}

@article{Poelwijk:2006jj,
author = {Poelwijk, Frank J and Kiviet, Daniel J and Tans, Sander J},
title = {{Evolutionary potential of a duplicated repressor-operator pair: simulating pathways using mutation data.}},
journal = {PLoS Comput Biol},
year = {2006},
volume = {2},
number = {5},
pages = {e58},
month = may
}

@article{Depristo:2007co,
author = {Depristo, Mark A and Hartl, Daniel L and Weinreich, Daniel M},
title = {{Mutational reversions during adaptive protein evolution.}},
journal = {Mol Biol Evol},
year = {2007},
volume = {24},
number = {8},
pages = {1608--1610},
month = aug
}

@article{doi:10.1146/annurev.ecolsys.110308.120232,
author = {Walsh, Bruce and Blows, Mark W.},
title = {{Abundant Genetic Variation + Strong Selection = Multivariate Genetic Constraints: A Geometric View of Adaptation}},
journal = {Annual Review of Ecology Evolution and Systematics},
year = {2009},
volume = {40},
number = {1},
pages = {41--59}
}

@article{Colautti:2012gu,
author = {Colautti, Robert I and Lee, Cheng-Ruei and Mitchell-Olds, Thomas},
title = {{Origin, fate, and architecture of ecologically relevant genetic variation.}},
journal = {Curr Opin Plant Biol},
year = {2012},
month = feb
}

@article{Phillips:2008dm,
author = {Phillips, Patrick C},
title = {{Epistasis--the essential role of gene interactions in the structure and evolution of genetic systems.}},
journal = {Nat Rev Genet},
year = {2008},
volume = {9},
number = {11},
pages = {855--867},
month = nov
}

@article{Andolfatto:2005p4162,
author = {Andolfatto, Peter},
title = {{Adaptive evolution of non-coding DNA in Drosophila.}},
journal = {Nature},
year = {2005},
volume = {437},
number = {7062},
pages = {1149--1152},
month = oct
}

@article{Wagner:2007hs,
author = {Wagner, G{\"u}nter P and Pavlicev, Mihaela and Cheverud, James M.},
title = {{The road to modularity.}},
journal = {Nat Rev Genet},
year = {2007},
volume = {8},
number = {12},
pages = {921--931},
month = dec
}

@article{Ortlund:2007iw,
author = {Ortlund, Eric A and Bridgham, Jamie T and Redinbo, Matthew R and Thornton, Joseph W},
title = {{Crystal structure of an ancient protein: evolution by conformational epistasis.}},
journal = {Science},
year = {2007},
volume = {317},
number = {5844},
pages = {1544--1548},
month = sep
}

@article{Ostman:2012iq,
author = {Ostman, Bj{\o}rn and Hintze, Arend and Adami, Christoph},
title = {{Impact of epistasis and pleiotropy on evolutionary adaptation.}},
journal = {Proc Biol Sci},
year = {2012},
volume = {279},
number = {1727},
pages = {247--256},
month = jan
}

@article{Kreitman:1996p4199,
author = {Kreitman, M},
title = {{The neutral theory is dead. {L}ong live the neutral theory}},
journal = {Bio{E}ssays},
year = {1996},
volume = {18},
number = {8},
pages = {678--83; discussion 683},
month = aug
}

@article{Braendle:2010cg,
author = {Braendle, Christian and Baer, Charles F and F{\'e}lix, Marie-Anne},
title = {{Bias and evolution of the mutationally accessible phenotypic space in a developmental system.}},
journal = {PLoS Genet},
year = {2010},
volume = {6},
number = {3},
pages = {e1000877},
month = mar
}

@article{Dean:2007ba,
author = {Dean, Antony M and Thornton, Joseph W},
title = {{Mechanistic approaches to the study of evolution: the functional synthesis.}},
journal = {Nat Rev Genet},
year = {2007},
volume = {8},
number = {9},
pages = {675--688},
month = sep
}

@article{Alon:2007ca,
author = {Alon, Uri},
title = {{Network motifs: theory and experimental approaches.}},
journal = {Nat Rev Genet},
year = {2007},
volume = {8},
number = {6},
pages = {450--461},
month = jun
}

@article{Kirchhamer:1996p4289,
author = {Kirchhamer, C V and Yuh, C H and Davidson, E H},
title = {{Modular cis-regulatory organization of developmentally expressed genes: two genes transcribed territorially in the sea urchin embryo, and additional examples}},
journal = {Proc Natl Acad Sci USA},
year = {1996},
volume = {93},
number = {18},
pages = {9322--9328},
month = sep
}

@article{CHAN:1991ut,
author = {CHAN, HS and DILL, KA},
title = {{Sequence Space Soup of Proteins and Copolymers}},
journal = {J Chem Phys},
year = {1991},
volume = {95},
number = {5},
pages = {3775--3787}
}

@article{Rokyta:2011jl,
author = {Rokyta, Darin R and Joyce, Paul and Caudle, S Brian and Miller, Craig and Beisel, Craig J and Wichman, Holly A},
title = {{Epistasis between beneficial mutations and the phenotype-to-fitness Map for a ssDNA virus.}},
journal = {PLoS Genet},
year = {2011},
volume = {7},
number = {6},
pages = {e1002075},
month = jun
}

@article{Pollard:2006bd,
author = {Pollard, Katherine S and Salama, Sofie R and King, Bryan and Kern, Andrew D and Dreszer, Tim and Katzman, Sol and Siepel, Adam and Pedersen, Jakob S and Bejerano, Gill and Baertsch, Robert and Rosenbloom, Kate R and Kent, Jim and Haussler, David},
title = {{Forces shaping the fastest evolving regions in the human genome.}},
journal = {PLoS Genet},
year = {2006},
volume = {2},
number = {10},
pages = {e168},
month = oct
}

@article{Guo:2004jw,
author = {Guo, Haiwei H and Choe, Juno and Loeb, Lawrence A},
title = {{Protein tolerance to random amino acid change.}},
journal = {Proc Natl Acad Sci USA},
year = {2004},
volume = {101},
number = {25},
pages = {9205--9210},
month = jun
}

@article{Hoekstra:2007jt,
author = {Hoekstra, Hopi E and Coyne, Jerry A},
title = {{The locus of evolution: evo devo and the genetics of adaptation.}},
journal = {Evolution},
year = {2007},
volume = {61},
number = {5},
pages = {995--1016},
month = may
}

@article{DePristo:2005jc,
author = {DePristo, MA and Weinreich, DM and Hartl, DL},
title = {{Missense meanderings in sequence space: A biophysical view of protein evolution}},
journal = {Nat Rev Genet},
year = {2005},
volume = {6},
number = {9},
pages = {678--687},
annote = {Uses a biophysical model of protein stability to explain several features of protein evolution including the insensitivity of the molecular clock to population size, compensatory evolution, over-dispersion of the molecular clock}
}

@article{Lunzer:2010co,
author = {Lunzer, Mark and Golding, G Brian and Dean, Antony M},
title = {{Pervasive cryptic epistasis in molecular evolution.}},
journal = {PLoS Genet},
year = {2010},
volume = {6},
number = {10},
pages = {e1001162},
month = oct
}

@article{Heger:2003ts,
author = {Heger, Andreas and Holm, Liisa},
title = {{Exhaustive enumeration of protein domain families.}},
journal = {J Mol Biol},
year = {2003},
volume = {328},
number = {3},
pages = {749--767},
month = may
}

@article{Orr:1995ta,
author = {Orr, H A},
title = {{The population genetics of speciation: the evolution of hybrid incompatibilities.}},
journal = {Genetics},
year = {1995},
volume = {139},
number = {4},
pages = {1805--1813},
month = apr
}

@article{He:2011ks,
author = {He, Bin Z and Holloway, Alisha K and Maerkl, Sebastian J and Kreitman, Martin},
title = {{Does positive selection drive transcription factor binding site turnover? A test with Drosophila cis-regulatory modules.}},
journal = {PLoS Genet},
year = {2011},
volume = {7},
number = {4},
pages = {e1002053},
month = apr
}

@article{Takahasi:2005et,
author = {Takahasi, K Ryo and Tajima, Fumio},
title = {{Evolution of coadaptation in a two-locus epistatic system}},
journal = {Evolution},
year = {2005},
volume = {59},
number = {11},
pages = {2324--2332}
}

@article{Veyrieras:2008xe,
author = {Veyrieras, Jean-Baptiste and Kudaravalli, Sridhar and Kim, Su Yeon and Dermitzakis, Emmanouil T and Gilad, Yoav and Stephens, Matthew and Pritchard, Jonathan K},
title = {{High-resolution mapping of expression-QTLs yields insight into human gene regulation.}},
journal = {PLoS Genet},
year = {2008},
volume = {4},
number = {10},
pages = {e1000214},
month = oct
}

@article{Stephan:1996wl,
author = {Stephan, W},
title = {{The rate of compensatory evolution.}},
journal = {Genetics},
year = {1996},
volume = {144},
number = {1},
pages = {419--426},
month = sep
}

@article{Whitlock:1995vj,
author = {Whitlock, Michael C. and Phillips, Patrick C and Moore, Francisco B.-G. and Tonsor, Stephen J. T3 -},
title = {{Multiple Fitness Peaks and Epistasis}},
journal = {Annual Review of Ecology and Systematics},
year = {1995},
volume = {26},
pages = {601--629},
month = jan
}

@article{Wright:1932wy,
author = {Wright, Sewall},
title = {{The roles of mutation, inbreeding, crossbreeding, and selection in evolution}},
journal = {Proceedings of the Sixth International Congress on Genetics},
year = {1932},
volume = {1},
pages = {356--366},
annote = {Record Number: 10470}
}

@article{Kaplan2008bp,
author = {Kaplan, Jonathan},
title = {{The end of the adaptive landscape metaphor?}},
journal = {Biology and Philosophy},
year = {2008},
volume = {23},
pages = {625--638},
annote = {10.1007/s10539-008-9116-z}
}

@book{Gavrilets:2004tt,
author = {Gavrilets, Sergey},
title = {{Fitness landscapes and the origin of species}},
publisher = {Princeton Univ Pr},
year = {2004}
}

@article{Field:2009p4671,
author = {Field, Yair and Fondufe-Mittendorf, Yvonne and Moore, Irene K and Mieczkowski, Piotr and Kaplan, Noam and Lubling, Yaniv and Lieb, Jason D and Widom, Jonathan and Segal, Eran},
title = {{Gene expression divergence in yeast is coupled to evolution of DNA-encoded nucleosome organization}},
journal = {Nat Genet},
year = {2009},
volume = {41},
number = {4},
pages = {438--445},
month = apr
}

@article{Yukilevich:2008p593,
author = {Yukilevich, Roman and Lachance, Joseph and Aoki, Fumio and True, John R},
title = {{Long-term adaptation of epistatic genetic networks}},
journal = {Evolution},
year = {2008},
volume = {62},
number = {9},
pages = {2215--2235},
month = sep
}

@article{Kauffman:1987p595,
author = {Kauffman, S and Levin, S},
title = {{Towards a general theory of adaptive walks on rugged landscapes}},
journal = {J Theor Biol},
year = {1987},
volume = {128},
number = {1},
pages = {11--45},
month = sep
}

@book{Gillespie:1994vr,
author = {Gillespie, John H},
title = {{The Causes of Molecular Evolution}},
publisher = {Oxford University Press, USA},
year = {1994},
month = may
}

@book{Alon:2006tm,
author = {Alon, Uri},
title = {{An Introduction to Systems Biology: Design Principles of Biological Circuits}},
publisher = {Chapman and Hall/CRC},
year = {2006},
edition = {1},
month = jul
}

@article{Phillips:1998vm,
author = {Phillips, P C},
title = {{The language of gene interaction.}},
journal = {Genetics},
year = {1998},
volume = {149},
number = {3},
pages = {1167--1171},
month = jul
}

@article{Orr:2006p805,
author = {Orr, H Allen},
title = {{The population genetics of adaptation on correlated fitness landscapes: the block model.}},
journal = {Evolution},
year = {2006},
volume = {60},
number = {6},
pages = {1113--1124},
month = jun
}

@article{Takahasi:2011bs,
author = {Takahasi, K Ryo and Matsuo, Takashi and Takano-Shimizu-Kouno, Toshiyuki},
title = {{Two types of cis-trans compensation in the evolution of transcriptional regulation.}},
journal = {Proc Natl Acad Sci USA},
year = {2011},
volume = {108},
number = {37},
pages = {15276--15281},
month = sep
}

@article{Hare:2008p848,
author = {Hare, Emily E and Peterson, Brant K and Iyer, Venky N and Meier, Rudolf and Eisen, Michael B},
title = {{Sepsid even-skipped enhancers are functionally conserved in Drosophila despite lack of sequence conservation}},
journal = {PLoS Genet},
year = {2008},
volume = {4},
number = {6},
pages = {e1000106},
month = jun
}

@article{Wagner:2008gp,
author = {Wagner, G{\"u}nter P and Kenney-Hunt, Jane P and Pavlicev, Mihaela and Peck, Joel R and Waxman, David and Cheverud, James M.},
title = {{Pleiotropic scaling of gene effects and the 'cost of complexity'.}},
journal = {Nature},
year = {2008},
volume = {452},
number = {7186},
pages = {470--472},
month = mar
}

@article{Albert:2008jc,
author = {Albert, Arianne Y K and Sawaya, Sterling and Vines, Timothy H and Knecht, Anne K and Miller, Craig T and Summers, Brian R and Balabhadra, Sarita and Kingsley, David M and Schluter, Dolph},
title = {{The genetics of adaptive shape shift in stickleback: pleiotropy and effect size.}},
journal = {Evolution},
year = {2008},
volume = {62},
number = {1},
pages = {76--85},
month = jan
}

@article{Unckless:2009dl,
author = {Unckless, Robert L and Orr, H Allen},
title = {{The population genetics of adaptation: multiple substitutions on a smooth fitness landscape.}},
journal = {Genetics},
year = {2009},
volume = {183},
number = {3},
pages = {1079--1086},
month = nov
}

@article{Durrett:2008p984,
author = {Durrett, Rick and Schmidt, Deena},
title = {{Waiting for two mutations: with applications to regulatory sequence evolution and the limits of Darwinian evolution}},
journal = {Genetics},
year = {2008},
volume = {180},
number = {3},
pages = {1501--1509},
month = nov
}

@article{Iwasa:2004p1017,
author = {Iwasa, Yoh and Michor, Franziska and Nowak, Martin A},
title = {{Stochastic tunnels in evolutionary dynamics}},
journal = {Genetics},
year = {2004},
volume = {166},
number = {3},
pages = {1571--1579},
month = mar
}

@article{SkipperJrT:2004up,
author = {Skipper, Robert A. Jr},
title = {{The Heuristic Role of Sewall Wright's 1932 Adaptive Landscape Diagram}},
journal = {Philosophy of Science},
year = {2004},
volume = {71},
number = {5},
pages = {1176--1188},
month = jan
}

@article{Orr:2002ve,
author = {Orr, H Allen},
title = {{The population genetics of adaptation: the adaptation of DNA sequences.}},
journal = {Evolution},
year = {2002},
volume = {56},
number = {7},
pages = {1317--1330},
month = jul
}

@article{Kimura:1985p1185,
author = {Kimura, M},
title = {{The role of compensatory neutral mutations in molecular evolution}},
journal = {Journal of Genetics},
year = {1985},
volume = {64},
number = {1},
pages = {7--19}
}

@article{Cheverud:1996wj,
author = {Cheverud, James M. and Routman, Eric J.},
title = {{Epistasis as a Source of Increased Additive Genetic Variance at Population Bottlenecks}},
journal = {Evolution},
year = {1996},
volume = {50},
number = {3},
pages = {1042--1051},
month = jan
}

@article{Griswold:2006hq,
author = {Griswold, Cortland K},
title = {{Pleiotropic mutation, modularity and evolvability.}},
journal = {Evol. Dev.},
year = {2006},
volume = {8},
number = {1},
pages = {81--93}
}

@article{Perfeito:2011fk,
author = {Perfeito, Lilia and Ghozzi, St{\'e}phane and Berg, Johannes and Schnetz, Karin and L{\"a}ssig, Michael},
title = {{Nonlinear fitness landscape of a molecular pathway.}},
journal = {PLoS Genet},
year = {2011},
volume = {7},
number = {7},
pages = {e1002160},
month = jul
}

@article{Gillespie:1983ws,
author = {Gillespie, J H},
title = {{A simple stochastic gene substitution model.}},
journal = {Theor Popul Biol},
year = {1983},
volume = {23},
number = {2},
pages = {202--215},
month = apr
}

@article{Ostrowski:2005vf,
author = {Ostrowski, Elizabeth A and Rozen, Daniel E and Lenski, Richard E},
title = {{Pleiotropic effects of beneficial mutations in Escherichia coli.}},
journal = {Evolution},
year = {2005},
volume = {59},
number = {11},
pages = {2343--2352},
month = nov
}

@article{Hansen:2003wl,
author = {Hansen, Thomas F},
title = {{Is modularity necessary for evolvability? Remarks on the relationship between pleiotropy and evolvability.}},
journal = {BioSystems},
year = {2003},
volume = {69},
number = {2-3},
pages = {83--94},
month = may
}

@article{Ptashne:1988kf,
author = {Ptashne, M},
title = {{How eukaryotic transcriptional activators work.}},
journal = {Nature},
year = {1988},
volume = {335},
number = {6192},
pages = {683--689},
month = oct
}

@article{Barriere:2011jj,
author = {Barri{\`e}re, Antoine and Gordon, Kacy L and Ruvinsky, Ilya},
title = {{Distinct functional constraints partition sequence conservation in a cis-regulatory element.}},
journal = {PLoS Genet},
year = {2011},
volume = {7},
number = {6},
pages = {e1002095},
month = jun
}

